% BiBTeX data base


% Publishers
% Publishers
@String{PH      = {Pren\-tice Hall}}
@String{PH:adr  = {Upper Saddle River, New Jersey, USA}}
	        
@String{MGH     = {McGraw-Hill Book Com\-pany}}
@String{MGH:adr = {New York, USA}}

@String{JW      = {John Wiley \& Sons}}
@String{JW:adr  = {New York, New York, USA}}

@String{JHU      = {The Johns Hopkins University Press}}
@String{JHU:adr  = {Baltimore, Maryland, USA}}

@String{AH      = {{Artech House}}}
@String{AH:adr  = {Norwood, Massachusetts, USA}}

@inproceedings{MapReduce:2004,
  author    = "Jeffrey Dean and Sanjay Ghemawat",
  title     = "MapReduce: Simplified Data Processing on Large Clusters",
  year      = 2004,
  month     = "December",
  address   = "San Francisco",
  booktitle = "Sixth Symposium on Operating System Design and Implementation.",
}

@misc{microsimulation,
  author = "M. Clements and Andreas Karlsson",
  title = {mclements/microsimulation/sim\_instances},
  year = 2015,
  url = {https://github.com/mclements/microsimulation/tree/sim_instances},
  urldate = {2015-06-17}
}
% 